%% This BibTeX bibliography file was created using BibDesk.
%% http://bibdesk.sourceforge.net/


%% Created for Timothy Weigand at 2023-08-21 20:23:58 -0400 


%% Saved with string encoding Unicode (UTF-8) 



@article{Kampf_Burges_etal_20,
	author = {Kampf, Stephanie K. and Burges, Stephen J. and Hammond, John C. and Bhaskar, Aditi and Covino, Tim P. and Eurich, Abby and Harrison, Hannah and Lefsky, Michael and Martin, Caroline and McGrath, Daniel and Puntenney-Desmond, Kira and Willi, Kathryn},
	date-added = {2023-08-21 20:23:31 -0400},
	date-modified = {2023-08-21 20:23:31 -0400},
	doi = {https://doi.org/10.1029/2019WR026699},
	eprint = {https://agupubs.onlinelibrary.wiley.com/doi/pdf/10.1029/2019WR026699},
	journal = {Water Resources Research},
	keywords = {water balance, Budyko, monitoring networks, uncertainty, closure},
	number = {6},
	title = {The Case for an Open Water Balance: Re-envisioning Network Design and Data Analysis for a Complex, Uncertain World},
	url = {https://agupubs.onlinelibrary.wiley.com/doi/abs/10.1029/2019WR026699},
	volume = {56},
	year = {2020},
	bdsk-url-1 = {https://agupubs.onlinelibrary.wiley.com/doi/abs/10.1029/2019WR026699},
	bdsk-url-2 = {https://doi.org/10.1029/2019WR026699}}
